@Inbook{nielsen09clumnd,
  author="Nielsen, Frank and Nock, Richard",
  editor="Nielsen, Frank" ,
  title="Clustering Multivariate Normal Distributions",
  bookTitle="Emerging Trends in Visual Computing: LIX Fall Colloquium, ETVC 2008, Palaiseau, France, November 18-20, 2008. Revised Invited Papers",
  year="2009",
  publisher="Springer Berlin Heidelberg",
  address="Berlin, Heidelberg",
  pages="164--174",
  isbn="978-3-642-00826-9",
  doi="10.1007/978-3-642-00826-9_7",
  url="http://dx.doi.org/10.1007/978-3-642-00826-9_7"
}

@InProceedings{nielsen11staefd,
  author = "Frank Nielsen and Vincent Garcia",
  title = "Statistical exponential families: A digest with flash cards",
  note = "https://arxiv.org/abs/0911.4863",
  year = 2011
}
